@article{knuth84,
  author = {Knuth, Donald E.},
  title = {Literate Programming},
  year = {1984},
  issue_date = {May 1984},
  publisher = {Oxford University Press, Inc.},
  address = {USA},
  volume = {27},
  number = {2},
  issn = {0010-4620},
  url = {https://doi.org/10.1093/comjnl/27.2.97},
  doi = {10.1093/comjnl/27.2.97},
  journal = {Comput. J.},
  month = may,
  pages = {97â€“111},
  numpages = {15}
}

@article{gierer1972theory,
  title={A theory of biological pattern formation},
  journal={Kybernetik},
  volume={12},
  pages={30--39},
  year={1972},
  publisher={Springer}
}

@article{murray1981pre,
  title={A pre-pattern formation mechanism for animal coat markings},
  author={Murray, JD610574},
  journal={Journal of Theoretical Biology},
  volume={88},
  number={1},
  pages={161--199},
  year={1981},
  publisher={Elsevier}
}

@article{murray1984generation,
  title={Generation of biological pattern and form},
  author={Murray, James D and Oster, George F},
  journal={Mathematical Medicine and Biology: A Journal of the IMA},
  volume={1},
  number={1},
  pages={51--75},
  year={1984},
  publisher={Oxford University Press}
}

@article{turing1990chemical,
  title={The chemical basis of morphogenesis},
  author={Turing, Alan Mathison},
  journal={Bulletin of mathematical biology},
  volume={52},
  pages={153--197},
  year={1990},
  publisher={Springer}
}

@article{fisher1937wave,
  title={The wave of advance of advantageous genes},
  journal={Annals of eugenics},
  volume={7},
  number={4},
  pages={355--369},
  year={1937},
  publisher={Wiley Online Library}
}

@article{kolmogorov1937investigation,
  title={Investigation of the equation of diffusion combined with increasing of the substance and its application to a biology problem},
  author={Kolmogorov, AN and Petrovsky, IG and Piskunov, NS},
  journal={Bull. Moscow State Univ. Ser. A: Math. Mech},
  volume={1},
  number={6},
  pages={1--25},
  year={1937}
}

@article{durston2013dictyostelium,
  title={Dictyostelium: the mathematician's organism},
  author={Durston, AJ},
  journal={Current genomics},
  volume={14},
  number={6},
  pages={355--360},
  year={2013},
  publisher={Bentham Science Publishers}
}


